<record><leader>00000cas a22000007a 4500</leader><controlfield tag="001">15244616</controlfield><controlfield tag="008">870226d1844184uohuwr ne      0    0eng d</controlfield><datafield ind1=" " ind2=" " tag="010"><subfield code="a">sn 87079986 </subfield></datafield><datafield ind1=" " ind2=" " tag="040"><subfield code="a">NPH</subfield><subfield code="b">eng</subfield><subfield code="c">NPH</subfield><subfield code="d">ONP</subfield><subfield code="d">DLC</subfield><subfield code="d">OCLCQ</subfield></datafield><datafield ind1=" " ind2=" " tag="042"><subfield code="a">msc</subfield></datafield><datafield ind1="0" ind2=" " tag="130"><subfield code="a">Marion Democratic mirror (Marion, Ohio : 1844)</subfield></datafield><datafield ind1="1" ind2="0" tag="245"><subfield code="a">Marion Democratic mirror.</subfield></datafield><datafield ind1=" " ind2=" " tag="260"><subfield code="a">Marion, Ohio :</subfield><subfield code="b">J.R. &amp; R.A. Knapp,</subfield><subfield code="c">1844-</subfield></datafield><datafield ind1=" " ind2=" " tag="300"><subfield code="a">v. ;</subfield><subfield code="c">62 cm.</subfield></datafield><datafield ind1=" " ind2=" " tag="310"><subfield code="a">Weekly</subfield></datafield><datafield ind1="0" ind2=" " tag="362"><subfield code="a">Vol. 3, no. 1 (June 1, 1844)-</subfield></datafield><datafield ind1=" " ind2=" " tag="752"><subfield code="a">United States</subfield><subfield code="b">Ohio</subfield><subfield code="c">Marion</subfield><subfield code="d">Marion.</subfield></datafield><datafield ind1="0" ind2="0" tag="780"><subfield code="t">Democratic mirror (Marion, Ohio : 1842)</subfield><subfield code="w">(DLC)sn 84028784</subfield></datafield><datafield ind1="0" ind2="0" tag="785"><subfield code="t">Democratic mirror (Marion, Ohio : 1846)</subfield><subfield code="w">(DLC)sn 88077568</subfield></datafield></record>